<record><leader>00000cas a2200000 a 4500</leader><controlfield tag="001">13174182</controlfield><controlfield tag="008">860220c19859999azuer ne      0   a0eng d</controlfield><datafield ind1=" " ind2=" " tag="010"><subfield code="a">sn 96060880 </subfield></datafield><datafield ind1=" " ind2=" " tag="040"><subfield code="a">AZP</subfield><subfield code="b">eng</subfield><subfield code="c">AZP</subfield><subfield code="d">OCL</subfield><subfield code="d">AZS</subfield><subfield code="d">ANN</subfield><subfield code="d">OCL</subfield><subfield code="d">NSD</subfield><subfield code="d">OCLCQ</subfield><subfield code="d">DLC</subfield><subfield code="d">OCLCQ</subfield><subfield code="d">OCLCF</subfield><subfield code="d">OCLCO</subfield><subfield code="d">OCLCA</subfield></datafield><datafield ind1=" " ind2=" " tag="012"><subfield code="l">1</subfield></datafield><datafield ind1="0" ind2=" " tag="022"><subfield code="a">1533-0230</subfield><subfield code="l">1533-0230</subfield><subfield code="2">1</subfield></datafield><datafield ind1="1" ind2=" " tag="029"><subfield code="a">AU@</subfield><subfield code="b">000012910893</subfield></datafield><datafield ind1=" " ind2=" " tag="037"><subfield code="b">The Catholic Sun, Subscription Dept., P.O. Box 13549, Phoenix, AZ 85002</subfield></datafield><datafield ind1=" " ind2=" " tag="042"><subfield code="a">msc</subfield><subfield code="a">nsdp</subfield></datafield><datafield ind1=" " ind2=" " tag="043"><subfield code="a">n-us-az</subfield></datafield><datafield ind1="1" ind2="0" tag="082"><subfield code="a">282</subfield><subfield code="2">13</subfield></datafield><datafield ind1=" " ind2=" " tag="090"><subfield code="a">BX1417.P48</subfield><subfield code="b">C37x</subfield></datafield><datafield ind1="0" ind2=" " tag="130"><subfield code="a">Catholic sun (Phoenix, Ariz.)</subfield></datafield><datafield ind1="0" ind2=" " tag="210"><subfield code="a">Cathol. sun</subfield><subfield code="b">(Phoenix, Ariz.)</subfield></datafield><datafield ind1=" " ind2="4" tag="222"><subfield code="a">The Cathol. sun</subfield><subfield code="b">(Phoenix, Ariz.)</subfield></datafield><datafield ind1="0" ind2="4" tag="245"><subfield code="a">The Catholic sun.</subfield></datafield><datafield ind1=" " ind2=" " tag="260"><subfield code="a">Phoenix, Ariz. :</subfield><subfield code="b">Roman Catholic Diocese of Phoenix,</subfield><subfield code="c">1985-</subfield></datafield><datafield ind1=" " ind2=" " tag="300"><subfield code="a">v. :</subfield><subfield code="b">ill. (some col.) ;</subfield><subfield code="c">35 cm.</subfield></datafield><datafield ind1=" " ind2=" " tag="310"><subfield code="a">Biweekly</subfield></datafield><datafield ind1="0" ind2=" " tag="362"><subfield code="a">Vol. 16, no. 22 (Nov. 16, 2000) LIC.</subfield></datafield><datafield ind1="2" ind2="0" tag="610"><subfield code="a">Catholic Church</subfield><subfield code="v">Newspapers.</subfield></datafield><datafield ind1=" " ind2="0" tag="651"><subfield code="a">Phoenix (Ariz.)</subfield><subfield code="v">Newspapers.</subfield></datafield><datafield ind1=" " ind2="7" tag="655"><subfield code="a">Newspapers.</subfield><subfield code="2">fast</subfield><subfield code="0">(OCoLC)fst01423814</subfield></datafield><datafield ind1="2" ind2="7" tag="610"><subfield code="a">Catholic Church.</subfield><subfield code="2">fast</subfield><subfield code="0">(OCoLC)fst00531720</subfield></datafield><datafield ind1=" " ind2="7" tag="651"><subfield code="a">Arizona</subfield><subfield code="z">Phoenix.</subfield><subfield code="2">fast</subfield><subfield code="0">(OCoLC)fst01213753</subfield></datafield><datafield ind1="2" ind2=" " tag="710"><subfield code="a">Catholic Church.</subfield><subfield code="b">Diocese of Phoenix.</subfield></datafield><datafield ind1=" " ind2=" " tag="752"><subfield code="a">United States</subfield><subfield code="b">Arizona</subfield><subfield code="c">Maricopa</subfield><subfield code="d">Phoenix.</subfield></datafield></record>